@misc{optnet,
      title={OptNet: Differentiable Optimization as a Layer in Neural Networks}, 
      author={Brandon Amos and J. Zico Kolter},
      year={2021},
      eprint={1703.00443},
      archivePrefix={arXiv},
      primaryClass={cs.LG},
      url={https://arxiv.org/abs/1703.00443}, 
}
@misc{differentiableconvexoptimizationlayers,
      title={Differentiable Convex Optimization Layers}, 
      author={Akshay Agrawal and Brandon Amos and Shane Barratt and Stephen Boyd and Steven Diamond and Zico Kolter},
      year={2019},
      eprint={1910.12430},
      archivePrefix={arXiv},
      primaryClass={cs.LG},
      url={https://arxiv.org/abs/1910.12430}, 
}
@misc{differentiabilitysolutionconvexoptimization,
      title={On the Differentiability of the Solution to Convex Optimization Problems}, 
      author={Shane Barratt},
      year={2019},
      eprint={1804.05098},
      archivePrefix={arXiv},
      primaryClass={math.OC},
      url={https://arxiv.org/abs/1804.05098}, 
}
@misc{gould2016differentiating,
      title={On Differentiating Parameterized Argmin and Argmax Problems with Application to Bi-level Optimization}, 
      author={Stephen Gould and Basura Fernando and Anoop Cherian and Peter Anderson and Rodrigo Santa Cruz and Edison Guo},
      year={2016},
      eprint={1607.05447},
      archivePrefix={arXiv},
      primaryClass={cs.CV},
      url={https://arxiv.org/abs/1607.05447}, 
}
@book{boyd2004convex,
  title        = {Convex Optimization},
  author       = {Boyd, Stephen and Vandenberghe, Lieven},
  year         = {2004},
  publisher    = {Cambridge University Press},
  address      = {Cambridge, UK},
}

@misc{conedifferentiation,
      title={Differentiating Through a Cone Program}, 
      author={Akshay Agrawal and Shane Barratt and Stephen Boyd and Enzo Busseti and Walaa M. Moursi},
      year={2020},
      eprint={1904.09043},
      archivePrefix={arXiv},
      primaryClass={math.OC},
      url={https://arxiv.org/abs/1904.09043}, 
}
